@book{lattimore2020bandit,
  title={Bandit algorithms},
  author={Lattimore, Tor and Szepesv{\'a}ri, Csaba},
  year={2020},
  publisher={Cambridge University Press}
}

@article{forre2021transitional,
  title={Transitional conditional independence},
  author={Forr{\'e}, Patrick},
  journal={arXiv preprint arXiv:2104.11547},
  year={2021}
}

@article{fritz2023d,
  title={The d-separation criterion in Categorical Probability},
  author={Fritz, Tobias and Klingler, Andreas},
  journal={Journal of Machine Learning Research},
  volume={24},
  number={46},
  pages={1--49},
  year={2023}
}

@inproceedings{holzl2017markov,
  title={Markov processes in Isabelle/HOL},
  author={H{\"o}lzl, Johannes},
  booktitle={Proceedings of the 6th ACM SIGPLAN Conference on Certified Programs and Proofs},
  pages={100--111},
  year={2017}
}

@article{vajjha2022formalization,
  title={Formalization of a stochastic approximation theorem},
  author={Vajjha, Koundinya and Trager, Barry and Shinnar, Avraham and Pestun, Vasily},
  journal={arXiv preprint arXiv:2202.05959},
  year={2022}
}

@inproceedings{vajjha2021certrl,
  title={Certrl: formalizing convergence proofs for value and policy iteration in coq},
  author={Vajjha, Koundinya and Shinnar, Avraham and Trager, Barry and Pestun, Vasily and Fulton, Nathan},
  booktitle={Proceedings of the 10th ACM SIGPLAN International Conference on Certified Programs and Proofs},
  pages={18--31},
  year={2021}
}