@inproceedings{audibert2010best,
  title={Best arm identification in multi-armed bandits.},
  author={Audibert, Jean-Yves and Bubeck, S{\'e}bastien and Munos, R{\'e}mi},
  booktitle={COLT},
  pages={41--53},
  year={2010},
  organization={Citeseer}
}

@article{azizi2021fixed,
  title={Fixed-budget best-arm identification in structured bandits},
  author={Azizi, Mohammad Javad and Kveton, Branislav and Ghavamzadeh, Mohammad},
  journal={arXiv preprint arXiv:2106.04763},
  year={2021}
}

@article{barrier2022best,
  title={On Best-Arm Identification with a Fixed Budget in Non-Parametric Multi-Armed Bandits},
  author={Barrier, Antoine and Garivier, Aur{\'e}lien and Stoltz, Gilles},
  journal={arXiv preprint arXiv:2210.00895},
  year={2022}
}

@article{bubeck2012regret,
  title={Regret analysis of stochastic and nonstochastic multi-armed bandit problems},
  author={Bubeck, S{\'e}bastien and Cesa-Bianchi, Nicolo and others},
  journal={Foundations and Trends{\textregistered} in Machine Learning},
  volume={5},
  number={1},
  pages={1--122},
  year={2012},
  publisher={Now Publishers, Inc.}
}

@inproceedings{carpentier2016tight,
  title={Tight (lower) bounds for the fixed budget best arm identification bandit problem},
  author={Carpentier, Alexandra and Locatelli, Andrea},
  booktitle={Conference on Learning Theory},
  pages={590--604},
  year={2016},
  organization={PMLR}
}

@inproceedings{cheshire2021problem,
  title={Problem Dependent View on Structured Thresholding Bandit Problems},
  author={Cheshire, James and M{\'e}nard, Pierre and Carpentier, Alexandra},
  booktitle={International Conference on Machine Learning},
  pages={1846--1854},
  year={2021},
  organization={PMLR}
}

@article{degenne2019pure,
  title={Pure exploration with multiple correct answers},
  author={Degenne, R{\'e}my and Koolen, Wouter M},
  journal={Advances in Neural Information Processing Systems},
  volume={32},
  year={2019}
}

@inproceedings{degenne2020structure,
  title={Structure adaptive algorithms for stochastic bandits},
  author={Degenne, R{\'e}my and Shao, Han and Koolen, Wouter},
  booktitle={International Conference on Machine Learning},
  pages={2443--2452},
  year={2020},
  organization={PMLR}
}


@inproceedings{garivier2016optimal,
  title={Optimal best arm identification with fixed confidence},
  author={Garivier, Aur{\'e}lien and Kaufmann, Emilie},
  booktitle={Conference on Learning Theory},
  pages={998--1027},
  year={2016},
  organization={PMLR}
}

@article{garivier2019explore,
  title={Explore first, exploit next: The true shape of regret in bandit problems},
  author={Garivier, Aur{\'e}lien and M{\'e}nard, Pierre and Stoltz, Gilles},
  journal={Mathematics of Operations Research},
  volume={44},
  number={2},
  pages={377--399},
  year={2019},
  publisher={INFORMS}
}

@inproceedings{glynn2004large,
  title={A large deviations perspective on ordinal optimization},
  author={Glynn, Peter and Juneja, Sandeep},
  booktitle={Proceedings of the 2004 Winter Simulation Conference, 2004.},
  volume={1},
  year={2004},
  organization={IEEE}
}

@article{kaufmann2016complexity,
  title={On the complexity of best-arm identification in multi-armed bandit models},
  author={Kaufmann, Emilie and Capp{\'e}, Olivier and Garivier, Aur{\'e}lien},
  journal={The Journal of Machine Learning Research},
  volume={17},
  number={1},
  pages={1--42},
  year={2016},
  publisher={JMLR. org}
}

@article{kaufmann2018sequential,
  title={Sequential test for the lowest mean: From Thompson to Murphy sampling},
  author={Kaufmann, Emilie and Koolen, Wouter M and Garivier, Aur{\'e}lien},
  journal={Advances in Neural Information Processing Systems},
  volume={31},
  year={2018}
}

@inproceedings{komiyama2022minimax,
  title={Minimax Optimal Algorithms for Fixed-Budget Best Arm Identification},
  author={Komiyama, Junpei and Tsuchiya, Taira and Honda, Junya},
  booktitle={Advances in Neural Information Processing Systems},
  year={2022}
}

@book{lattimore2020bandit,
  title={Bandit algorithms},
  author={Lattimore, Tor and Szepesv{\'a}ri, Csaba},
  year={2020},
  publisher={Cambridge University Press}
}

@inproceedings{locatelli2016optimal,
  title={An optimal algorithm for the thresholding bandit problem},
  author={Locatelli, Andrea and Gutzeit, Maurilio and Carpentier, Alexandra},
  booktitle={International Conference on Machine Learning},
  pages={1690--1698},
  year={2016},
  organization={PMLR}
}

@inproceedings{ouhamma2021online,
  title={Online Sign Identification: Minimization of the Number of Errors in Thresholding Bandits},
  author={Ouhamma, Reda and Degenne, R{\'e}my and Gaillard, Pierre and Perchet, Vianney},
  booktitle={NeurIPS 2021-35th International Conference on Neural Information Processing Systems},
  pages={1--25},
  year={2021}
}

@inproceedings{qin2022open,
  title={Open Problem: Optimal Best Arm Identification with Fixed-Budget},
  author={Qin, Chao},
  booktitle={Conference on Learning Theory},
  pages={5650--5654},
  year={2022},
  organization={PMLR}
}

@inproceedings{yangminimax,
  title={Minimax Optimal Fixed-Budget Best Arm Identification in Linear Bandits},
  author={Yang, Junwen and Tan, Vincent},
  year={2022},
  booktitle={Advances in Neural Information Processing Systems}
}

@article{atsidakou2022bayesian,
  title={Bayesian Fixed-Budget Best-Arm Identification},
  author={Atsidakou, Alexia and Katariya, Sumeet and Sanghavi, Sujay and Kveton, Branislav},
  journal={arXiv preprint arXiv:2211.08572},
  year={2022}
}

@inproceedings{alieva2021robust,
  title={Robust pure exploration in linear bandits with limited budget},
  author={Alieva, Ayya and Cutkosky, Ashok and Das, Abhimanyu},
  booktitle={International Conference on Machine Learning},
  pages={187--195},
  year={2021},
  organization={PMLR}
}

@article{faizal2022constrained,
  title={Constrained Pure Exploration Multi-Armed Bandits with a Fixed Budget},
  author={Faizal, Fathima Zarin and Nair, Jayakrishnan},
  journal={arXiv preprint arXiv:2211.14768},
  year={2022}
}

@article{kato2022best,
  title={Best Arm Identification with a Fixed Budget under a Small Gap},
  author={Kato, Masahiro and Ariu, Kaito and Imaizumi, Masaaki and Uehara, Masatoshi and Nomura, Masahiro and Qin, Chao},
  journal={stat},
  volume={1050},
  pages={11},
  year={2022}
}

@article{gabillon2012best,
  title={Best arm identification: A unified approach to fixed budget and fixed confidence},
  author={Gabillon, Victor and Ghavamzadeh, Mohammad and Lazaric, Alessandro},
  journal={Advances in Neural Information Processing Systems},
  volume={25},
  year={2012}
}

@article{de2021bandits,
  title={Bandits with many optimal arms},
  author={de Heide, Rianne and Cheshire, James and M{\'e}nard, Pierre and Carpentier, Alexandra},
  journal={Advances in Neural Information Processing Systems},
  volume={34},
  pages={22457--22469},
  year={2021}
}

@article{even2006action,
  title={Action Elimination and Stopping Conditions for the Multi-Armed Bandit and Reinforcement Learning Problems.},
  author={Even-Dar, Eyal and Mannor, Shie and Mansour, Yishay and Mahadevan, Sridhar},
  journal={Journal of machine learning research},
  volume={7},
  number={6},
  year={2006}
}

@inproceedings{bubeck2009pure,
  title={Pure exploration in multi-armed bandits problems},
  author={Bubeck, S{\'e}bastien and Munos, R{\'e}mi and Stoltz, Gilles},
  booktitle={Algorithmic Learning Theory: 20th International Conference, ALT 2009, Porto, Portugal, October 3-5, 2009. Proceedings 20},
  pages={23--37},
  year={2009},
  organization={Springer}
}

@inproceedings{karnin2013almost,
  title={Almost optimal exploration in multi-armed bandits},
  author={Karnin, Zohar and Koren, Tomer and Somekh, Oren},
  booktitle={International Conference on Machine Learning},
  pages={1238--1246},
  year={2013},
  organization={PMLR}
}

@article{ariu2021policy,
  title={Policy choice and best arm identification: Asymptotic analysis of exploration sampling},
  author={Ariu, Kaito and Kato, Masahiro and Komiyama, Junpei and McAlinn, Kenichiro and Qin, Chao},
  journal={arXiv preprint arXiv:2109.08229},
  year={2021}
}